<?xml version="1.0" encoding="UTF-8"?><record xmlns="http://www.loc.gov/MARC21/slim" xmlns:cinclude="http://apache.org/cocoon/include/1.0" xmlns:zs="http://www.loc.gov/zing/srw/">
  <leader>00376cz  a2200121n  4500</leader>
  <controlfield tag="001">n 2011006295</controlfield>
  <controlfield tag="003">DLC</controlfield>
  <controlfield tag="005">20110201074841.0</controlfield>
  <controlfield tag="008">110131n| acannaabn          |n aaa      </controlfield>
  <datafield tag="010" ind1=" " ind2=" ">
    <subfield code="a">n 2011006295</subfield>
  </datafield>
  <datafield tag="040" ind1=" " ind2=" ">
    <subfield code="a">DLC</subfield>
    <subfield code="b">eng</subfield>
    <subfield code="c">DLC</subfield>
  </datafield>
  <datafield tag="100" ind1="1" ind2=" ">
    <subfield code="a">Bodach, Diane LaRae,</subfield>
    <subfield code="d">1946-2007</subfield>
  </datafield>
  <datafield tag="670" ind1=" " ind2=" ">
    <subfield code="a">Straw into gold, c2011:</subfield>
    <subfield code="b">ECIP t.p. (Diane LaRae Bodach) data view (b. Feb. 22, 1946; d. Sept. 18, 2007)</subfield>
  </datafield>
</record>